@misc{sfpark,
  title = {SFpark project},
  howpublished = {\url{http://sfpark.org}},
  note = {Accessed: 2017-01-30}
}

@misc{blocks_source,
  title = {Japanese addresses: No street names. Block numbers.},
  howpublished = {\url{http://sivers.org/jadr}},
  note = {Accessed: 2017-02-19}
}

