@inproceedings{Caliskan2007,
  title={Predicting parking lot occupancy in vehicular ad hoc networks},
  author={Caliskan, Murat and Barthels, Andreas and Scheuermann, Bjorn and Mauve, Martin},
  booktitle={2007 IEEE 65th Vehicular Technology Conference-VTC2007-Spring},
  pages={277--281},
  year={2007},
  organization={IEEE}
}

@article{Klappenecker2014,
  title={Finding available parking spaces made easy},
  author={Klappenecker, Andreas and Lee, Hyunyoung and Welch, Jennifer L},
  journal={Ad Hoc Networks},
  volume={12},
  pages={243--249},
  year={2014},
  publisher={Elsevier}
}

@inproceedings{Lu2009,
  title={SPARK: a new VANET-based smart parking scheme for large parking lots},
  author={Lu, Rongxing and Lin, Xiaodong and Zhu, Haojin and Shen, Xuemin},
  booktitle={INFOCOM 2009, IEEE},
  pages={1413--1421},
  year={2009},
  organization={IEEE}
}

@article{Teodorovic2006,
  title={Intelligent parking systems},
  author={Teodorovi{\'c}, Du{\v{s}}an and Lu{\v{c}}i{\'c}, Panta},
  journal={European Journal of Operational Research},
  volume={175},
  number={3},
  pages={1666--1681},
  year={2006},
  publisher={Elsevier}
}

@inproceedings{Szczurek2010,
  title={Learning the relevance of parking information in VANETs},
  author={Szczurek, Piotr and Xu, Bo and Wolfson, Ouri and Lin, Jie and Rishe, Naphtali},
  booktitle={Proceedings of the seventh ACM international workshop on VehiculAr InterNETworking},
  pages={81--82},
  year={2010},
  organization={ACM}
}

@inproceedings{Mathur2010,
  title={Parknet: drive-by sensing of road-side parking statistics},
  author={Mathur, Suhas and Jin, Tong and Kasturirangan, Nikhil and Chandrasekaran, Janani and Xue, Wenzhi and Gruteser, Marco and Trappe, Wade},
  booktitle={Proceedings of the 8th international conference on Mobile systems, applications, and services},
  pages={123--136},
  year={2010},
  organization={ACM}
}

@inproceedings{Nandugudi2014,
  title={PocketParker: pocketsourcing parking lot availability},
  author={Nandugudi, Anandatirtha and Ki, Taeyeon and Nuessle, Carl and Challen, Geoffrey},
  booktitle={Proceedings of the 2014 ACM International Joint Conference on Pervasive and Ubiquitous Computing},
  pages={963--973},
  year={2014},
  organization={ACM}
}

@inproceedings{Chinrungrueng2007,
  title={Smart parking: An application of optical wireless sensor network},
  author={Chinrungrueng, Jatuporn and Sunantachaikul, Udomporn and Triamlumlerd, Satien},
  booktitle={Applications and the Internet Workshops, 2007. SAINT Workshops 2007. International Symposium on},
  pages={66--66},
  year={2007},
  organization={IEEE}
}

@inproceedings{Panayappan2007,
  title={VANET-based approach for parking space availability},
  author={Panayappan, Ramu and Trivedi, Jayini Mukul and Studer, Ahren and Perrig, Adrian},
  booktitle={Proceedings of the fourth ACM international workshop on Vehicular ad hoc networks},
  pages={75--76},
  year={2007},
  organization={ACM}
}

@techreport{Chen,
  title={Parking occupancy prediction and pattern analysis},
  author={Chen, Xiao},
  institution={Technical report, Stanford University, 2014. Machine Learning Final Projects}
}

@article{rajabioun,
  title={On-street and off-street parking availability prediction using multivariate spatiotemporal models},
  author={Rajabioun, Tooraj and Ioannou, Petros A},
  journal={IEEE Transactions on Intelligent Transportation Systems},
  volume={16},
  number={5},
  pages={2913--2924},
  year={2015},
  publisher={IEEE}
}

@inproceedings{vlahogianni,
  title={Exploiting new sensor technologies for real-time parking prediction in urban areas},
  author={Vlahogianni, Eleni I and Kepaptsoglou, Kostanstinos and Tsetsos, Vassileios and Karlaftis, Matthew G},
  booktitle={Transportation Research Board 93rd Annual Meeting Compendium of Papers},
  pages={14--1673},
  year={2014}
}

@book{Witten,
 author = {Witten, Ian H. and Frank, Eibe and Hall, Mark A.},
 title = {Data Mining: Practical Machine Learning Tools and Techniques},
 year = {2011},
 isbn = {0123748569, 9780123748560},
 edition = {3rd},
 publisher = {Morgan Kaufmann Publishers Inc.},
 address = {San Francisco, CA, USA},
}

@article{Caicedo,
 author = {Caicedo, Felix and Blazquez, Carola and Miranda, Pablo},
 title = {Prediction of Parking Space Availability in Real Time},
 journal = {Expert Syst. Appl.},
 issue_date = {June, 2012},
 volume = {39},
 number = {8},
 month = jun,
 year = {2012},
 issn = {0957-4174},
 pages = {7281--7290},
 numpages = {10},
 url = {http://dx.doi.org/10.1016/j.eswa.2012.01.091},
 doi = {10.1016/j.eswa.2012.01.091},
 acmid = {2151260},
 publisher = {Pergamon Press, Inc.},
 address = {Tarrytown, NY, USA},
 keywords = {Forecasting, Intelligent transportation systems, Parking},
} 

@Article{Hoessinger2014,
author="H{\"o}ssinger, Reinhard
and Widhalm, Peter
and Ulm, Michael
and Heimbuchner, Klaus
and Wolf, Eike
and Apel, Roland
and Uhlmann, Tina",
title="Development of a Real-Time Model of the Occupancy of Short-Term Parking Zones",
journal="International Journal of Intelligent Transportation Systems Research",
year="2014",
volume="12",
number="2",
pages="37--47",
issn="1868-8659",
doi="10.1007/s13177-013-0069-5",
url="http://dx.doi.org/10.1007/s13177-013-0069-5"
}

@inproceedings{tiedemann2015concept,
  title={Concept of a Data Thread Based Parking Space Occupancy Prediction in a Berlin Pilot Region},
  author={Tiedemann, Tim and V{\"o}gele, Thomas and Krell, Mario Michael and Metzen, Jan Hendrik and Kirchner, Frank},
  booktitle={Workshops at the Twenty-Ninth AAAI Conference on Artificial Intelligence},
  year={2015}
}

@inproceedings{szczurek2010learning,
  title={Learning the relevance of parking information in VANETs},
  author={Szczurek, Piotr and Xu, Bo and Wolfson, Ouri and Lin, Jie and Rishe, Naphtali},
  booktitle={Proceedings of the seventh ACM international workshop on VehiculAr InterNETworking},
  pages={81--82},
  year={2010},
  organization={ACM}
}

@article{wu2014agile,
  title={Agile urban parking recommendation service for intelligent vehicular guiding system},
  author={Wu, Eric Hsiao-Kuang and Sahoo, Jagruti and Liu, Chi-Yun and Jin, Ming-Hui and Lin, Shu-Hui},
  journal={IEEE Intelligent Transportation Systems Magazine},
  volume={6},
  number={1},
  pages={35--49},
  year={2014},
  publisher={IEEE}
}

@inproceedings{rajabioun2013intelligent,
  title={Intelligent parking assist},
  author={Rajabioun, Tooraj and Foster, Brandon and Ioannou, Petros},
  booktitle={Control \& Automation (MED), 2013 21st Mediterranean Conference on},
  pages={1156--1161},
  year={2013},
  organization={IEEE}
}
