@misc{sfpark,
  title = {SFpark project},
  howpublished = {\url{http://sfpark.org}},
  note = {Accessed: 2017-03-05}
}

@misc{dresden,
  title = {Freie Parkplätze Dresden},
  howpublished = {\url{http://codefor.de/projekte/2014-04-19-dd-freieparkplaetze.html}},
  note = {Accessed: 2017-03-16}
}

@misc{zurich,
  title = {Parkleitsystem Zürich},
  howpublished = {\url{https://data.stadt-zuerich.ch/dataset/parkleitsystem}},
  note = {Accessed: 2017-03-16}
}

@misc{cologne,
  title = {Parkhausbelegung Köln},
  howpublished = {\url{https://www.offenedaten-koeln.de/dataset/parkhausbelegung}},
  note = {Accessed: 2017-03-16}
}

@misc{philly,
  title = {City of Philadelphia - Airport Parking Availability},
  howpublished = {\url{https://www.opendataphilly.org/dataset/airport-parking-availability}},
  note = {Accessed: 2017-03-16}
}

@misc{monica,
  title = {Santa Monica Open Data - Parking Lot Counts},
  howpublished = {\url{https://data.smgov.net/Transportation/Parking-Lot-Counts/ng8m-khuz}},
  note = {Accessed: 2017-03-16}
}

@techreport{chen,
  title={Parking occupancy prediction and pattern analysis},
  author={Chen, Xiao},
  institution={Technical report, Stanford University, 2014. Machine Learning Final Projects}
}

@article{rajabioun,
  title={On-street and off-street parking availability prediction using multivariate spatiotemporal models},
  author={Rajabioun, Tooraj and Ioannou, Petros A},
  journal={IEEE Transactions on Intelligent Transportation Systems},
  volume={16},
  number={5},
  pages={2913--2924},
  year={2015},
  publisher={IEEE}
}

@phdthesis{lin,
  title={Smart parking: Network, infrastructure and urban service},
  author={Lin, Trista Shuenying},
  year={2015},
  school={Lyon, INSA}
}

@misc{blocks_source,
  title = {Japanese addresses: No street names. Block numbers.},
  howpublished = {\url{http://sivers.org/jadr}},
  note = {Accessed: 2017-02-19}
}
