@misc{googleblog,
  title = {Google Blog Entry on Semi-Supervised Machine Leaning},
  howpublished = {\url{https://research.googleblog.com/2016/10/graph-powered-machine-learning-at-google.html}},
  note = {Accessed: 2017-05-14}
}

@misc{sfpark,
  title = {SFpark project},
  howpublished = {\url{http://sfpark.org}},
  note = {Accessed: 2017-03-05}
}

@misc{dresden,
  title = {Freie Parkplätze Dresden},
  howpublished = {\url{http://codefor.de/projekte/2014-04-19-dd-freieparkplaetze.html}},
  note = {Accessed: 2017-03-16}
}

@misc{zurich,
  title = {Parkleitsystem Zürich},
  howpublished = {\url{https://data.stadt-zuerich.ch/dataset/parkleitsystem}},
  note = {Accessed: 2017-03-16}
}

@misc{cologne,
  title = {Parkhausbelegung Köln},
  howpublished = {\url{https://www.offenedaten-koeln.de/dataset/parkhausbelegung}},
  note = {Accessed: 2017-03-16}
}

@misc{philly,
  title = {City of Philadelphia - Airport Parking Availability},
  howpublished = {\url{https://www.opendataphilly.org/dataset/airport-parking-availability}},
  note = {Accessed: 2017-03-16}
}

@misc{monica,
  title = {Santa Monica Open Data - Parking Lot Counts},
  howpublished = {\url{https://data.smgov.net/Transportation/Parking-Lot-Counts/ng8m-khuz}},
  note = {Accessed: 2017-03-16}
}

@techreport{chen,
  title={Parking occupancy prediction and pattern analysis},
  author={Chen, Xiao},
  institution={Technical report, Stanford University, 2014. Machine Learning Final Projects}
}

@article{rajabioun,
  title={On-street and off-street parking availability prediction using multivariate spatiotemporal models},
  author={Rajabioun, Tooraj and Ioannou, Petros A},
  journal={IEEE Transactions on Intelligent Transportation Systems},
  volume={16},
  number={5},
  pages={2913--2924},
  year={2015},
  publisher={IEEE}
}

@phdthesis{lin,
  title={Smart parking: Network, infrastructure and urban service},
  author={Lin, Trista Shuenying},
  year={2015},
  school={Lyon, INSA}
}

@misc{blocks_source,
  title = {Japanese addresses: No street names. Block numbers.},
  howpublished = {\url{http://sivers.org/jadr}},
  note = {Accessed: 2017-02-19}
}

@inproceedings{tiedemann2015concept,
  title={Concept of a Data Thread Based Parking Space Occupancy Prediction in a Berlin Pilot Region},
  author={Tiedemann, Tim and V{\"o}gele, Thomas and Krell, Mario Michael and Metzen, Jan Hendrik and Kirchner, Frank},
  booktitle={Workshops at the Twenty-Ninth AAAI Conference on Artificial Intelligence},
  year={2015}
}

@Article{Hoessinger2014,
author="H{\"o}ssinger, Reinhard
and Widhalm, Peter
and Ulm, Michael
and Heimbuchner, Klaus
and Wolf, Eike
and Apel, Roland
and Uhlmann, Tina",
title="Development of a Real-Time Model of the Occupancy of Short-Term Parking Zones",
journal="International Journal of Intelligent Transportation Systems Research",
year="2014",
volume="12",
number="2",
pages="37--47",
issn="1868-8659",
doi="10.1007/s13177-013-0069-5",
url="http://dx.doi.org/10.1007/s13177-013-0069-5"
}

@article{Klappenecker2014,
  title={Finding available parking spaces made easy},
  author={Klappenecker, Andreas and Lee, Hyunyoung and Welch, Jennifer L},
  journal={Ad Hoc Networks},
  volume={12},
  pages={243--249},
  year={2014},
  publisher={Elsevier}
}

@article{wu2014agile,
  title={Agile urban parking recommendation service for intelligent vehicular guiding system},
  author={Wu, Eric Hsiao-Kuang and Sahoo, Jagruti and Liu, Chi-Yun and Jin, Ming-Hui and Lin, Shu-Hui},
  journal={IEEE Intelligent Transportation Systems Magazine},
  volume={6},
  number={1},
  pages={35--49},
  year={2014},
  publisher={IEEE}
}
